@book{Shihab:wcre,
	Author = {X.Xia, D.Lo, E.Shihab, Xinyu Wang, B.Zhou},
	Publisher = {Springer Science+Business Media},
	Title = {Automatic, high accuracy prediction of reopened bugs},
	Year = {2014},
	Pages = {249â€“258}}

@inproceedings{Gethers:icsm2010,
	Author = {Malcom Gethers and Denys Poshyvanyk},
	Booktitle = {26th IEEE International Conference on Software Maintenance (ICSM 2010)},
	Pages = {1-10},
	Title = {Using Relational Topic Models to capture coupling among classes in object-oriented software systems},
	Year = {2010}}

@article{Zimmerman:reopen,
	Author = {T. Zimmermann, N. Nagappan, P. Guo, and B. Murphy.},
	Journal = {Proceedings of the 34th International Conference on Software Engineering },
	Number = {34},
	Title = {Characterizing and predicting which bugs get reopened},
	Year = {2012}}